% Encoding: UTF-8

@book{Klenke,
  doi = {10.1007/978-3-662-62089-2},
  url = {https://doi.org/10.1007/978-3-662-62089-2},
  year = {2020},
  publisher = {Springer Berlin Heidelberg},
  author = {Achim Klenke},
  title = {Wahrscheinlichkeitstheorie}
}

@book{Meintrup,
  doi = {10.1007/b137972},
  url = {https://doi.org/10.1007/b137972},
  year = {2005},
  publisher = {Springer Berlin Heidelberg},
  author = {David Meintrup and Stefan Sch\"{a}ffler},
  title = {Stochastik}
}

@manual{SymPy,
  author = {SymPy Development Team},
  title = {SymPy Documentation},
  year = {2023},
  url = {https://docs.sympy.org/latest/index.html}
}

@book{Joram,
  doi = {10.5281/zenodo.4305949},
  url = {https://doi.org/10.5281/ZENODO.4305949},
  year = {2023},
  author = {Joram Soch},
  title = {The Book of Statistical Proofs}
}

@misc{Wiki:CV,
  author = "{Wikipedia contributors}",
  title = "Coefficient of variation --- {Wikipedia}{,} The Free Encyclopedia",
  year = "2024",
  url = "https://en.wikipedia.org/w/index.php?title=Coefficient_of_variation&oldid=1194457287",
  note = "[Online; accessed 18-January-2024]"
}

@misc{Wiki:Mom,
    author = "{Wikipedia contributors}",
    title = "Moment (mathematics) --- {Wikipedia}{,} The Free Encyclopedia",
    year = "2024",
    url = "https://en.wikipedia.org/w/index.php?title=Moment_(mathematics)&oldid=1200102275",
    note = "[Online; accessed 4-February-2024]"
}

@book{Nelson,
  title = {Foundations and Methods of Stochastic Simulation: A First Course},
  ISBN = {9783030861940},
  ISSN = {2214-7934},
  url = {http://dx.doi.org/10.1007/978-3-030-86194-0},
  DOI = {10.1007/978-3-030-86194-0},
  journal = {International Series in Operations Research &amp; Management Science},
  publisher = {Springer International Publishing},
  author = {Nelson,  Barry L. and Pei,  Linda},
  year = {2021}
}